Order ID,Region,Country,Category,Sales Channel,Order Priority,Order Date,Units Sold,Unit Price,Unit Cost,Profit,Filled Region,Filled Category,Filled Units Sold,Filled Unit Price,Total Revenue,Total Revenue for ORD0123,Region,Average Profit,Category,East,West,North,Unknown,Dashboard,,Sales Summary Report
ORD0001,East,Germany,Beverages,Online,High,1/1/2023 0:00,235,152.92,153.6,-159.8,East,Beverages,235,152.92,35936.2,15849.3,East,12493.09014,Beverages,888153.51,1799862.31,949191.27,70451.96,Total Revenue,22459473.44,"This report summarizes performance for 350 orders across multiple regions, countries, and product categories."
ORD0002,West,India,Food,Online,Low,1/2/2023 0:00,341,467.92,139.84,111875.28,West,Food,341,467.92,159560.72,,West,12855.52394,Food,886856.064,820862.7555,1658446.518,3049.8,Average Profit per Order,14483.47478,"Overall revenue for the period is approximately 22.46M, with an average profit per order of about 14.48K."
ORD0003,North,India,Clothing,Offline,High,1/3/2023 0:00,179,473.94,97.14,67447.2,North,Clothing,179,473.94,84835.26,,North,16728.3731,Clothing,1587286.239,985468.8198,629674.4853,148520.12,Total Orders,350,"Average units sold per order is around 256 units, indicating relatively large order sizes across the dataset."
ORD0004,East,USA,Furniture,Offline,Medium,1/4/2023 0:00,18,314.53,204.87,1973.88,East,Furniture,18,314.53,5661.54,,Unknown,-4467.77,Furniture,1764250.258,995334.2836,731274.15,135939,Average Units Sold per Order,255.9029412,"Regional analysis shows revenue distributed across East, West, North, and an Unknown region, with total revenue by region and category already summarized in the cross-tab area (U:X)."
ORD0005,East,India,Furniture,Offline,Medium,1/5/2023 0:00,472,392.79,330.46,29419.76,East,Furniture,472,392.79,185396.88,,South,19174.39029,Electronics,946379.1355,1383754.676,950484.27,174221.09,,,"The dashboard metrics in Y2:Y5 and Z2:Z5 provide a quick view of total revenue, average profit, total orders, and average units sold per order for ongoing monitoring."
ORD0006,West,UK,Clothing,Online,High,1/6/2023 0:00,49,308.07,113.32,9542.75,West,Clothing,49,308.07,15095.43,,,,Unknown,222603.18,107359.66,326947.96,0,Average Profit by Region - East,12493.09014,
ORD0007,North,Germany,Clothing,Online,Low,1/7/2023 0:00,34,244.78,377.07,-4497.86,North,Clothing,34,244.78,8322.52,,,,,,,,,Average Profit by Region - West,12855.52394,
ORD0008,North,India,Beverages,Online,High,1/8/2023 0:00,270,332.11,349.59,-4719.6,North,Beverages,270,332.11,89669.7,,,,,,,,,Average Profit by Region - North,16728.3731,
ORD0009,East,India,Beverages,Online,Low,1/9/2023 0:00,404,278.74,66.38,85793.44,East,Beverages,404,278.74,112610.96,,,,,,,,,Average Profit by Region - Unknown,-4467.77,
ORD0010,Unknown,USA,Furniture,Online,Medium,1/10/2023 0:00,452,300.75,314.94,-6413.88,Unknown,Furniture,452,300.75,135939,,,,,,,,,,,
ORD0011,East,USA,Food,Online,Low,1/11/2023 0:00,235,393,230.69,38142.85,East,Food,235,393,92355,,,,,,,,,,,
ORD0012,East,UK,Furniture,Offline,Medium,1/12/2023 0:00,481,243.05,227.5,7479.55,East,Furniture,481,243.05,116907.05,,,,,,,,,,,
ORD0013,East,Germany,Food,Offline,Low,1/13/2023 0:00,133,25.17,157.64,-17618.51,East,Food,133,25.17,3347.61,,,,,,,,,,,
ORD0014,East,USA,Food,Offline,Low,1/14/2023 0:00,472,86.18,201.46,-54412.16,East,Food,472,86.18,40676.96,,,,,,,,,,,
ORD0015,West,India,Beverages,Offline,Low,1/15/2023 0:00,47,222.11,160.08,2915.41,West,Beverages,47,222.11,10439.17,,,,,,,,,,,
ORD0016,North,Germany,Electronics,Online,High,1/16/2023 0:00,337,363.79,216.81,49532.26,North,Electronics,337,363.79,122597.23,,,,,,,,,,,
ORD0017,West,Germany,Electronics,Online,High,1/17/2023 0:00,260,298.67,251.92,12155,West,Electronics,260,298.67,77654.2,,,,,,,,,,,
ORD0018,Unknown,India,Clothing,Offline,Medium,1/18/2023 0:00,398,326.9,270.37,22498.94,Unknown,Clothing,398,326.9,130106.2,,,,,,,,,,,
ORD0019,West,USA,Beverages,Online,Medium,1/19/2023 0:00,185,242.24,213.93,5237.35,West,Beverages,185,242.24,44814.4,,,,,,,,,,,
ORD0020,East,India,Food,Offline,High,1/20/2023 0:00,99,309.79,289.13,2045.34,East,Food,99,309.79,30669.21,,,,,,,,,,,
ORD0021,South,Germany,Electronics,Offline,Medium,1/21/2023 0:00,411,167.86,58.23,45057.93,South,Electronics,411,167.86,68990.46,,,,,,,,,,,
ORD0022,North,Australia,Food,Offline,High,1/22/2023 0:00,463,237.74,86.37,70084.31,North,Food,463,237.74,110073.62,,,,,,,,,,,
ORD0023,South,Australia,Electronics,Online,Low,1/23/2023 0:00,46,373.42,327.86,2095.76,South,Electronics,46,373.42,17177.32,,,,,,,,,,,
ORD0024,West,UK,Electronics,Offline,Medium,1/24/2023 0:00,325,436.56,130.37,99511.75,West,Electronics,325,436.56,141882,,,,,,,,,,,
ORD0025,West,India,Unknown,Offline,Medium,1/25/2023 0:00,185,219.66,11.11,38581.75,West,Unknown,185,219.66,40637.1,,,,,,,,,,,
ORD0026,South,India,Beverages,Offline,High,1/26/2023 0:00,470,26.61,63.21,-17202,South,Beverages,470,26.61,12506.7,,,,,,,,,,,
ORD0027,South,UK,Furniture,Online,Medium,1/27/2023 0:00,293,85.03,91,-1749.21,South,Furniture,293,85.03,24913.79,,,,,,,,,,,
ORD0028,South,UK,Food,Online,Medium,1/28/2023 0:00,462,249.6452059,383.01,-61614.53488,South,Food,462,249.6452059,115336.0851,,,,,,,,,,,
ORD0029,West,UK,Beverages,Offline,Low,1/29/2023 0:00,470,328.37,230.07,46201,West,Beverages,470,328.37,154333.9,,,,,,,,,,,
ORD0030,West,Germany,Beverages,Online,Medium,1/30/2023 0:00,90,169.5,373.23,-18335.7,West,Beverages,90,169.5,15255,,,,,,,,,,,
ORD0031,Unknown,India,Beverages,Online,Low,1/31/2023 0:00,123,273.53,230.92,5241.03,Unknown,Beverages,123,273.53,33644.19,,,,,,,,,,,
ORD0032,North,Germany,Beverages,Online,High,2/1/2023 0:00,49,249.17,192.78,2763.11,North,Beverages,49,249.17,12209.33,,,,,,,,,,,
ORD0033,West,UK,Beverages,Online,Medium,2/2/2023 0:00,310,45.36,126.86,-25265,West,Beverages,310,45.36,14061.6,,,,,,,,,,,
ORD0034,South,India,Clothing,Online,Low,2/3/2023 0:00,233,204.61,243.34,-9024.09,South,Clothing,233,204.61,47674.13,,,,,,,,,,,
ORD0035,South,Germany,Food,Online,High,2/4/2023 0:00,327,114.18,57.4,18567.06,South,Food,327,114.18,37336.86,,,,,,,,,,,
ORD0036,North,Germany,Beverages,Online,Medium,2/5/2023 0:00,358,212.11,359.51,-52769.2,North,Beverages,358,212.11,75935.38,,,,,,,,,,,
ORD0037,West,UK,Food,Online,High,2/6/2023 0:00,124,249.6452059,332.07,-10220.67447,West,Food,124,249.6452059,30956.00553,,,,,,,,,,,
ORD0038,North,India,Clothing,Online,Medium,2/7/2023 0:00,195,421.02,128.38,57064.8,North,Clothing,195,421.02,82098.9,,,,,,,,,,,
ORD0039,North,UK,Clothing,Online,High,2/8/2023 0:00,255.9029412,91.23,381.21,-74206.73488,North,Clothing,255.9029412,91.23,23346.02532,,,,,,,,,,,
ORD0040,East,India,Food,Offline,High,2/9/2023 0:00,65,480.59,330.43,9760.4,East,Food,65,480.59,31238.35,,,,,,,,,,,
ORD0041,East,Australia,Electronics,Offline,Low,2/10/2023 0:00,49,210.87,267.19,-2759.68,East,Electronics,49,210.87,10332.63,,,,,,,,,,,
ORD0042,East,USA,Furniture,Online,High,2/11/2023 0:00,363,423.89,50.46,135555.09,East,Furniture,363,423.89,153872.07,,,,,,,,,,,
ORD0043,South,USA,Electronics,Offline,Medium,2/12/2023 0:00,49,316.24,192.34,6071.1,South,Electronics,49,316.24,15495.76,,,,,,,,,,,
ORD0044,West,USA,Electronics,Offline,Medium,2/13/2023 0:00,356,369,203.43,58942.92,West,Electronics,356,369,131364,,,,,,,,,,,
ORD0045,West,UK,Electronics,Online,Low,2/14/2023 0:00,470,249.6452059,94.56,72890.04676,West,Electronics,470,249.6452059,117333.2468,,,,,,,,,,,
ORD0046,West,Australia,Beverages,Online,Medium,2/15/2023 0:00,246,254.9,33.83,54383.22,West,Beverages,246,254.9,62705.4,,,,,,,,,,,
ORD0047,West,India,Clothing,Online,Medium,2/16/2023 0:00,298,273.93,311.14,-11088.58,West,Clothing,298,273.93,81631.14,,,,,,,,,,,
ORD0048,East,Germany,Electronics,Offline,Medium,2/17/2023 0:00,271,259.43,50.57,56601.06,East,Electronics,271,259.43,70305.53,,,,,,,,,,,
ORD0049,South,India,Clothing,Offline,High,2/18/2023 0:00,225,296.09,238.53,12951,South,Clothing,225,296.09,66620.25,,,,,,,,,,,
ORD0050,Unknown,Germany,Food,Online,High,2/19/2023 0:00,156,19.55,374.71,-55404.96,Unknown,Food,156,19.55,3049.8,,,,,,,,,,,
ORD0051,East,India,Furniture,Online,Medium,2/20/2023 0:00,345,200.78,350.69,-51718.95,East,Furniture,345,200.78,69269.1,,,,,,,,,,,
ORD0052,South,Australia,Food,Online,Low,2/21/2023 0:00,177,305.06,112.55,34074.27,South,Food,177,305.06,53995.62,,,,,,,,,,,
ORD0053,East,Germany,Food,Offline,High,2/22/2023 0:00,101,300.87,340.88,-4041.01,East,Food,101,300.87,30387.87,,,,,,,,,,,
ORD0054,West,UK,Beverages,Offline,Low,2/23/2023 0:00,362,397.51,2.13,143127.56,West,Beverages,362,397.51,143898.62,,,,,,,,,,,
ORD0055,East,India,Furniture,Offline,Medium,2/24/2023 0:00,68,329.23,9.04,21772.92,East,Furniture,68,329.23,22387.64,,,,,,,,,,,
ORD0056,West,India,Food,Offline,Medium,2/25/2023 0:00,68,496.11,241.82,17291.72,West,Food,68,496.11,33735.48,,,,,,,,,,,
ORD0057,West,Germany,Food,Online,High,2/26/2023 0:00,313,145.51,147.19,-525.84,West,Food,313,145.51,45544.63,,,,,,,,,,,
ORD0058,North,UK,Furniture,Online,Medium,2/27/2023 0:00,178,182.78,155.81,4800.66,North,Furniture,178,182.78,32534.84,,,,,,,,,,,
ORD0059,East,UK,Furniture,Online,High,2/28/2023 0:00,278,195,226.65,-8798.7,East,Furniture,278,195,54210,,,,,,,,,,,
ORD0060,North,Australia,Food,Online,Medium,3/1/2023 0:00,372,235.58,78.33,58497,North,Food,372,235.58,87635.76,,,,,,,,,,,
ORD0061,East,UK,Furniture,Offline,Medium,3/2/2023 0:00,54,418.82,86.28,17957.16,East,Furniture,54,418.82,22616.28,,,,,,,,,,,
ORD0062,East,UK,Food,Offline,High,3/3/2023 0:00,354,121.72,194.87,-25895.1,East,Food,354,121.72,43088.88,,,,,,,,,,,
ORD0063,North,UK,Food,Online,High,3/4/2023 0:00,190,389.12,302.19,16516.7,North,Food,190,389.12,73932.8,,,,,,,,,,,
ORD0064,Unknown,USA,Beverages,Online,High,3/5/2023 0:00,179,205.63,248.56,-7684.47,Unknown,Beverages,179,205.63,36807.77,,,,,,,,,,,
ORD0065,East,Australia,Electronics,Offline,Medium,3/6/2023 0:00,365,302.92,120.35,66638.05,East,Electronics,365,302.92,110565.8,,,,,,,,,,,
ORD0066,South,India,Food,Online,Medium,3/7/2023 0:00,200,318.11,173.27,28968,South,Food,200,318.11,63622,,,,,,,,,,,
ORD0067,West,Germany,Clothing,Offline,Low,3/8/2023 0:00,164,189.56,69.92,19620.96,West,Clothing,164,189.56,31087.84,,,,,,,,,,,
ORD0068,North,India,Electronics,Online,High,3/9/2023 0:00,431,258.74,31.7,97854.24,North,Electronics,431,258.74,111516.94,,,,,,,,,,,
ORD0069,West,Australia,Electronics,Online,Medium,3/10/2023 0:00,197,209.45,313.51,-20499.82,West,Electronics,197,209.45,41261.65,,,,,,,,,,,
ORD0070,South,Germany,Electronics,Online,Medium,3/11/2023 0:00,16,39.22,107.62,-1094.4,South,Electronics,16,39.22,627.52,,,,,,,,,,,
ORD0071,South,Australia,Beverages,Online,High,3/12/2023 0:00,142,221.4,72.75,21108.3,South,Beverages,142,221.4,31438.8,,,,,,,,,,,
ORD0072,South,UK,Food,Online,Low,3/13/2023 0:00,244,53.21,277.26,-54668.2,South,Food,244,53.21,12983.24,,,,,,,,,,,
ORD0073,North,Germany,Beverages,Online,High,3/14/2023 0:00,54,205.49,247.98,-2294.46,North,Beverages,54,205.49,11096.46,,,,,,,,,,,
ORD0074,South,UK,Food,Online,Low,3/15/2023 0:00,323,298.49,254.01,14367.04,South,Food,323,298.49,96412.27,,,,,,,,,,,
ORD0075,North,India,Beverages,Offline,Medium,3/16/2023 0:00,258,291.81,93.1,51267.18,North,Beverages,258,291.81,75286.98,,,,,,,,,,,
ORD0076,South,India,Beverages,Offline,Low,3/17/2023 0:00,40,333,94.59,9536.4,South,Beverages,40,333,13320,,,,,,,,,,,
ORD0077,West,Germany,Clothing,Offline,Medium,3/18/2023 0:00,32,52.15,89.88,-1207.36,West,Clothing,32,52.15,1668.8,,,,,,,,,,,
ORD0078,West,Germany,Beverages,Offline,High,3/19/2023 0:00,435,327.8,71.15,111642.75,West,Beverages,435,327.8,142593,,,,,,,,,,,
ORD0079,East,Australia,Furniture,Offline,High,3/20/2023 0:00,403,159.51,262.98,-41698.41,East,Furniture,403,159.51,64282.53,,,,,,,,,,,
ORD0080,West,Australia,Clothing,Online,High,3/21/2023 0:00,169,249.6452059,339.51,-15187.15021,West,Clothing,169,249.6452059,42190.03979,,,,,,,,,,,
ORD0081,East,UK,Beverages,Online,Low,3/22/2023 0:00,372,429.7,290.28,51864.24,East,Beverages,372,429.7,159848.4,,,,,,,,,,,
ORD0082,West,Germany,Electronics,Offline,Medium,3/23/2023 0:00,446,9.47,317.25,-137269.88,West,Electronics,446,9.47,4223.62,,,,,,,,,,,
ORD0083,North,India,Furniture,Online,High,3/24/2023 0:00,167,296.26,163.11,22236.05,North,Furniture,167,296.26,49475.42,,,,,,,,,,,
ORD0084,West,Australia,Furniture,Offline,High,3/25/2023 0:00,48,301.36,262.32,1873.92,West,Furniture,48,301.36,14465.28,,,,,,,,,,,
ORD0085,East,Australia,Furniture,Offline,Medium,3/26/2023 0:00,424,201.35,142.99,24744.64,East,Furniture,424,201.35,85372.4,,,,,,,,,,,
ORD0086,East,India,Clothing,Online,High,3/27/2023 0:00,91,122.33,211.15,-8082.62,East,Clothing,91,122.33,11132.03,,,,,,,,,,,
ORD0087,South,Australia,Beverages,Online,Medium,3/28/2023 0:00,365,121.16,193.69,-26473.45,South,Beverages,365,121.16,44223.4,,,,,,,,,,,
ORD0088,North,UK,Beverages,Online,Medium,3/29/2023 0:00,267,442.44,72.4,98800.68,North,Beverages,267,442.44,118131.48,,,,,,,,,,,
ORD0089,West,Germany,Electronics,Offline,Medium,3/30/2023 0:00,215,223.8,156.06,14564.1,West,Electronics,215,223.8,48117,,,,,,,,,,,
ORD0090,South,India,Electronics,Online,Medium,3/31/2023 0:00,86,168.79,385.6,-18645.66,South,Electronics,86,168.79,14515.94,,,,,,,,,,,
ORD0091,West,Germany,Furniture,Offline,Medium,4/1/2023 0:00,486,227.14,100.93,61338.06,West,Furniture,486,227.14,110390.04,,,,,,,,,,,
ORD0092,West,Australia,Electronics,Offline,Low,4/2/2023 0:00,21,249.6452059,55.25,4082.299324,West,Electronics,21,249.6452059,5242.549324,,,,,,,,,,,
ORD0093,South,Australia,Clothing,Offline,High,4/3/2023 0:00,304,77.15,168.6,-27800.8,South,Clothing,304,77.15,23453.6,,,,,,,,,,,
ORD0094,South,India,Beverages,Online,Low,4/4/2023 0:00,459,227.47,316.55,-40887.72,South,Beverages,459,227.47,104408.73,,,,,,,,,,,
ORD0095,South,UK,Furniture,Online,High,4/5/2023 0:00,233,296,233.69,14518.23,South,Furniture,233,296,68968,,,,,,,,,,,
ORD0096,South,USA,Electronics,Offline,Low,4/6/2023 0:00,22,474.55,273.03,4433.44,South,Electronics,22,474.55,10440.1,,,,,,,,,,,
ORD0097,South,India,Clothing,Online,Medium,4/7/2023 0:00,55,130,77.5,2887.5,South,Clothing,55,130,7150,,,,,,,,,,,
ORD0098,West,USA,Clothing,Online,High,4/8/2023 0:00,164,182.83,248.34,-10743.64,West,Clothing,164,182.83,29984.12,,,,,,,,,,,
ORD0099,South,USA,Electronics,Online,High,4/9/2023 0:00,122,192.78,130.75,7567.66,South,Electronics,122,192.78,23519.16,,,,,,,,,,,
ORD0100,North,UK,Beverages,Offline,Low,4/10/2023 0:00,242,304.74,334.05,-7093.02,North,Beverages,242,304.74,73747.08,,,,,,,,,,,
ORD0101,East,USA,Electronics,Offline,Low,4/11/2023 0:00,26,181.58,252.46,-1842.88,East,Electronics,26,181.58,4721.08,,,,,,,,,,,
ORD0102,South,USA,Furniture,Online,High,4/12/2023 0:00,369,269.09,81.14,69353.55,South,Furniture,369,269.09,99294.21,,,,,,,,,,,
ORD0103,South,UK,Electronics,Offline,Low,4/13/2023 0:00,232,391.99,27.72,84510.64,South,Electronics,232,391.99,90941.68,,,,,,,,,,,
ORD0104,West,USA,Clothing,Online,Low,4/14/2023 0:00,363,354.17,18.97,121677.6,West,Clothing,363,354.17,128563.71,,,,,,,,,,,
ORD0105,South,USA,Electronics,Online,Low,4/15/2023 0:00,197,225.95,149.82,14997.61,South,Electronics,197,225.95,44512.15,,,,,,,,,,,
ORD0106,South,USA,Beverages,Online,Medium,4/16/2023 0:00,457,432.79,107.81,148515.86,South,Beverages,457,432.79,197785.03,,,,,,,,,,,
ORD0107,South,India,Food,Online,Medium,4/17/2023 0:00,353,281.28,259.14,7815.42,South,Food,353,281.28,99291.84,,,,,,,,,,,
ORD0108,West,India,Electronics,Offline,Low,4/18/2023 0:00,374,272.25,200.73,26748.48,West,Electronics,374,272.25,101821.5,,,,,,,,,,,
ORD0109,South,India,Beverages,Offline,Low,4/19/2023 0:00,172,21.92,107.88,-14785.12,South,Beverages,172,21.92,3770.24,,,,,,,,,,,
ORD0110,East,UK,Beverages,Offline,Medium,4/20/2023 0:00,335,493.41,61.4,144723.35,East,Beverages,335,493.41,165292.35,,,,,,,,,,,
ORD0111,West,Australia,Clothing,Online,Medium,4/21/2023 0:00,476,65.87,52.63,6302.24,West,Clothing,476,65.87,31354.12,,,,,,,,,,,
ORD0112,East,USA,Beverages,Online,High,4/22/2023 0:00,423,119.41,346.13,-95902.56,East,Beverages,423,119.41,50510.43,,,,,,,,,,,
ORD0113,West,USA,Beverages,Online,High,4/23/2023 0:00,464,30.59,98.9,-31695.84,West,Beverages,464,30.59,14193.76,,,,,,,,,,,
ORD0114,South,UK,Beverages,Offline,Medium,4/24/2023 0:00,83,321.8,261.38,5014.86,South,Beverages,83,321.8,26709.4,,,,,,,,,,,
ORD0115,East,USA,Beverages,Online,Low,4/25/2023 0:00,242,116.23,324.65,-50437.64,East,Beverages,242,116.23,28127.66,,,,,,,,,,,
ORD0116,West,India,Furniture,Offline,Low,4/26/2023 0:00,233,94.11,246.4,-35483.57,West,Furniture,233,94.11,21927.63,,,,,,,,,,,
ORD0117,North,Australia,Furniture,Offline,Low,4/27/2023 0:00,491,48.84,344.11,-144977.57,North,Furniture,491,48.84,23980.44,,,,,,,,,,,
ORD0118,Unknown,Germany,Clothing,Offline,Low,4/28/2023 0:00,328,56.14,158.17,-33465.84,Unknown,Clothing,328,56.14,18413.92,,,,,,,,,,,
ORD0119,West,USA,Electronics,Offline,High,4/29/2023 0:00,421,294.41,382.58,-37119.57,West,Electronics,421,294.41,123946.61,,,,,,,,,,,
ORD0120,North,India,Beverages,Offline,Medium,4/30/2023 0:00,69,345.66,54.99,20056.23,North,Beverages,69,345.66,23850.54,,,,,,,,,,,
ORD0121,West,Germany,Electronics,Offline,Low,5/1/2023 0:00,344,201.7,42.66,54709.76,West,Electronics,344,201.7,69384.8,,,,,,,,,,,
ORD0122,Unknown,Australia,Electronics,Online,High,5/2/2023 0:00,231,242.55,264.16,-4991.91,Unknown,Electronics,231,242.55,56029.05,,,,,,,,,,,
ORD0123,South,Germany,Clothing,Online,Low,5/3/2023 0:00,46,344.55,377.25,-1504.2,South,Clothing,46,344.55,15849.3,,,,,,,,,,,
ORD0124,East,India,Beverages,Offline,Medium,5/4/2023 0:00,486,13.6,323.94,-150825.24,East,Beverages,486,13.6,6609.6,,,,,,,,,,,
ORD0125,North,Germany,Beverages,Offline,High,5/5/2023 0:00,287,164.95,32.41,38038.98,North,Beverages,287,164.95,47340.65,,,,,,,,,,,
ORD0126,West,UK,Food,Online,Medium,5/6/2023 0:00,205,486.68,113.19,76565.45,West,Food,205,486.68,99769.4,,,,,,,,,,,
ORD0127,South,Germany,Electronics,Offline,Medium,5/7/2023 0:00,413,292.16,372.27,-33085.43,South,Electronics,413,292.16,120662.08,,,,,,,,,,,
ORD0128,North,USA,Electronics,Offline,High,5/8/2023 0:00,361,130.84,102.72,10151.32,North,Electronics,361,130.84,47233.24,,,,,,,,,,,
ORD0129,West,USA,Furniture,Online,High,5/9/2023 0:00,493,263.26,312.91,-24477.45,West,Furniture,493,263.26,129787.18,,,,,,,,,,,
ORD0130,West,UK,Food,Offline,High,5/10/2023 0:00,251,174.61,330.4,-39103.29,West,Food,251,174.61,43827.11,,,,,,,,,,,
ORD0131,West,India,Furniture,Offline,High,5/11/2023 0:00,255.9029412,268.46,199.19,17726.39674,West,Furniture,255.9029412,268.46,68699.70359,,,,,,,,,,,
ORD0132,North,USA,Furniture,Offline,High,5/12/2023 0:00,228,67.24,155.77,-20184.84,North,Furniture,228,67.24,15330.72,,,,,,,,,,,
ORD0133,North,Australia,Furniture,Online,High,5/13/2023 0:00,201,70.69,181.15,-22202.46,North,Furniture,201,70.69,14208.69,,,,,,,,,,,
ORD0134,North,USA,Clothing,Online,High,5/14/2023 0:00,26,76.05,92.33,-423.28,North,Clothing,26,76.05,1977.3,,,,,,,,,,,
ORD0135,East,USA,Clothing,Online,Low,5/15/2023 0:00,21,470.21,355.98,2398.83,East,Clothing,21,470.21,9874.41,,,,,,,,,,,
ORD0136,North,India,Furniture,Offline,Medium,5/16/2023 0:00,415,367.78,181.35,77368.45,North,Furniture,415,367.78,152628.7,,,,,,,,,,,
ORD0137,North,Germany,Food,Offline,High,5/17/2023 0:00,410,85.38,353.22,-109814.4,North,Food,410,85.38,35005.8,,,,,,,,,,,
ORD0138,North,USA,Electronics,Online,Low,5/18/2023 0:00,403,98.23,44.07,21826.48,North,Electronics,403,98.23,39586.69,,,,,,,,,,,
ORD0139,East,UK,Food,Offline,Low,5/19/2023 0:00,383,366.76,395.33,-10942.31,East,Food,383,366.76,140469.08,,,,,,,,,,,
ORD0140,North,Germany,Beverages,Offline,Low,5/20/2023 0:00,202,82.3,178.42,-19416.24,North,Beverages,202,82.3,16624.6,,,,,,,,,,,
ORD0141,West,Australia,Clothing,Offline,Medium,5/21/2023 0:00,31,121.11,21.04,3102.17,West,Clothing,31,121.11,3754.41,,,,,,,,,,,
ORD0142,North,India,Electronics,Offline,High,5/22/2023 0:00,483,481.86,17.13,224464.59,North,Electronics,483,481.86,232738.38,,,,,,,,,,,
ORD0143,West,Australia,Electronics,Offline,Low,5/23/2023 0:00,129,131.38,298.99,-21621.69,West,Electronics,129,131.38,16948.02,,,,,,,,,,,
ORD0144,West,Germany,Beverages,Online,Medium,5/24/2023 0:00,219,332.51,264.3,14937.99,West,Beverages,219,332.51,72819.69,,,,,,,,,,,
ORD0145,West,Germany,Beverages,Offline,Medium,5/25/2023 0:00,315,489.42,321.25,52973.55,West,Beverages,315,489.42,154167.3,,,,,,,,,,,
ORD0146,East,Germany,Furniture,Online,Medium,5/26/2023 0:00,279,190.28,43.94,40828.86,East,Furniture,279,190.28,53088.12,,,,,,,,,,,
ORD0147,East,Australia,Clothing,Offline,Low,5/27/2023 0:00,201,13.67,16.16,-500.49,East,Clothing,201,13.67,2747.67,,,,,,,,,,,
ORD0148,East,Germany,Clothing,Online,High,5/28/2023 0:00,184,125.85,204.41,-14455.04,East,Clothing,184,125.85,23156.4,,,,,,,,,,,
ORD0149,North,Australia,Food,Offline,Low,5/29/2023 0:00,294,416.28,156.26,76445.88,North,Food,294,416.28,122386.32,,,,,,,,,,,
ORD0150,West,Germany,Furniture,Online,Low,5/30/2023 0:00,213,432.98,185.85,52638.69,West,Furniture,213,432.98,92224.74,,,,,,,,,,,
ORD0151,East,UK,Furniture,Offline,High,5/31/2023 0:00,173,385.42,396.65,-1942.79,East,Furniture,173,385.42,66677.66,,,,,,,,,,,
ORD0152,East,Germany,Furniture,Online,High,6/1/2023 0:00,260,60.99,388.36,-85116.2,East,Furniture,260,60.99,15857.4,,,,,,,,,,,
ORD0153,North,Australia,Furniture,Offline,High,6/2/2023 0:00,236,398.78,377.04,5130.64,North,Furniture,236,398.78,94112.08,,,,,,,,,,,
ORD0154,East,USA,Clothing,Online,Medium,6/3/2023 0:00,445,459.75,313.97,64872.1,East,Clothing,445,459.75,204588.75,,,,,,,,,,,
ORD0155,North,Germany,Clothing,Offline,High,6/4/2023 0:00,390,302.3,143.23,62037.3,North,Clothing,390,302.3,117897,,,,,,,,,,,
ORD0156,South,USA,Furniture,Online,Low,6/5/2023 0:00,469,470.73,166.03,142904.3,South,Furniture,469,470.73,220772.37,,,,,,,,,,,
ORD0157,East,UK,Food,Online,High,6/6/2023 0:00,16,249.6452059,220.75,462.3232941,East,Food,16,249.6452059,3994.323294,,,,,,,,,,,
ORD0158,South,India,Electronics,Offline,Low,6/7/2023 0:00,38,335.15,332.55,98.8,South,Electronics,38,335.15,12735.7,,,,,,,,,,,
ORD0159,North,UK,Unknown,Offline,Medium,6/8/2023 0:00,404,290.71,29.35,105589.44,North,Unknown,404,290.71,117446.84,,,,,,,,,,,
ORD0160,West,Germany,Food,Online,Low,6/9/2023 0:00,42,177.54,170.87,280.14,West,Food,42,177.54,7456.68,,,,,,,,,,,
ORD0161,East,USA,Furniture,Offline,Low,6/10/2023 0:00,143,83.85,34.88,7002.71,East,Furniture,143,83.85,11990.55,,,,,,,,,,,
ORD0162,North,USA,Clothing,Online,High,6/11/2023 0:00,376,304.45,206.83,36705.12,North,Clothing,376,304.45,114473.2,,,,,,,,,,,
ORD0163,West,Australia,Electronics,Online,High,6/12/2023 0:00,88,162.47,359.76,-17361.52,West,Electronics,88,162.47,14297.36,,,,,,,,,,,
ORD0164,West,USA,Beverages,Online,Low,6/13/2023 0:00,425,433.89,313.43,51195.5,West,Beverages,425,433.89,184403.25,,,,,,,,,,,
ORD0165,South,Australia,Beverages,Offline,High,6/14/2023 0:00,444,496.7,92.68,179384.88,South,Beverages,444,496.7,220534.8,,,,,,,,,,,
ORD0166,North,India,Food,Online,Medium,6/15/2023 0:00,468,377.45,390.44,-6079.32,North,Food,468,377.45,176646.6,,,,,,,,,,,
ORD0167,West,Germany,Furniture,Online,Medium,6/16/2023 0:00,67,49.79,267.61,-14593.94,West,Furniture,67,49.79,3335.93,,,,,,,,,,,
ORD0168,East,Australia,Electronics,Offline,High,6/17/2023 0:00,480,147.9,6.15,68040,East,Electronics,480,147.9,70992,,,,,,,,,,,
ORD0169,East,India,Furniture,Offline,Medium,6/18/2023 0:00,35,59.01,103.65,-1562.4,East,Furniture,35,59.01,2065.35,,,,,,,,,,,
ORD0170,South,USA,Electronics,Offline,High,6/19/2023 0:00,491,327,105.76,108628.84,South,Electronics,491,327,160557,,,,,,,,,,,
ORD0171,West,USA,Food,Offline,Low,6/20/2023 0:00,439,383.77,29.56,155498.19,West,Food,439,383.77,168475.03,,,,,,,,,,,
ORD0172,North,India,Food,Online,Low,6/21/2023 0:00,235,463.21,384.01,18612,North,Food,235,463.21,108854.35,,,,,,,,,,,
ORD0173,East,USA,Beverages,Online,Medium,6/22/2023 0:00,294,221.9,192.35,8687.7,East,Beverages,294,221.9,65238.6,,,,,,,,,,,
ORD0174,West,India,Furniture,Online,High,6/23/2023 0:00,13,451.18,358.53,1204.45,West,Furniture,13,451.18,5865.34,,,,,,,,,,,
ORD0175,West,Australia,Beverages,Online,High,6/24/2023 0:00,474,439.56,130.24,146617.68,West,Beverages,474,439.56,208351.44,,,,,,,,,,,
ORD0176,South,Australia,Furniture,Offline,Medium,6/25/2023 0:00,108,162.01,51.84,11898.36,South,Furniture,108,162.01,17497.08,,,,,,,,,,,
ORD0177,East,India,Beverages,Online,Low,6/26/2023 0:00,406,435.11,190.79,99193.92,East,Beverages,406,435.11,176654.66,,,,,,,,,,,
ORD0178,East,Australia,Clothing,Online,Medium,6/27/2023 0:00,498,190.96,47.35,71517.78,East,Clothing,498,190.96,95098.08,,,,,,,,,,,
ORD0179,North,Australia,Clothing,Offline,Low,6/28/2023 0:00,48,151.95,195.43,-2087.04,North,Clothing,48,151.95,7293.6,,,,,,,,,,,
ORD0180,East,Australia,Clothing,Online,High,6/29/2023 0:00,280,326.29,368.28,-11757.2,East,Clothing,280,326.29,91361.2,,,,,,,,,,,
ORD0181,North,UK,Clothing,Online,Low,6/30/2023 0:00,384,167.55,209.27,-16020.48,North,Clothing,384,167.55,64339.2,,,,,,,,,,,
ORD0182,East,Germany,Electronics,Online,Medium,7/1/2023 0:00,294,316.95,247.37,20456.52,East,Electronics,294,316.95,93183.3,,,,,,,,,,,
ORD0183,South,USA,Clothing,Online,High,7/2/2023 0:00,166,306.87,64.34,40259.98,South,Clothing,166,306.87,50940.42,,,,,,,,,,,
ORD0184,East,UK,Food,Online,Medium,7/3/2023 0:00,84,283.9,19.41,22217.16,East,Food,84,283.9,23847.6,,,,,,,,,,,
ORD0185,North,Australia,Food,Online,Medium,7/4/2023 0:00,381,193.31,46.1,56087.01,North,Food,381,193.31,73651.11,,,,,,,,,,,
ORD0186,North,India,Electronics,Offline,Low,7/5/2023 0:00,297,276.51,240.22,10778.13,North,Electronics,297,276.51,82123.47,,,,,,,,,,,
ORD0187,South,Australia,Clothing,Offline,Medium,7/6/2023 0:00,139,300.26,39.81,36202.55,South,Clothing,139,300.26,41736.14,,,,,,,,,,,
ORD0188,East,Germany,Clothing,Online,Low,7/7/2023 0:00,184,275.12,151.65,22718.48,East,Clothing,184,275.12,50622.08,,,,,,,,,,,
ORD0189,East,Australia,Clothing,Online,High,7/8/2023 0:00,471,224.99,220.94,1907.55,East,Clothing,471,224.99,105970.29,,,,,,,,,,,
ORD0190,South,India,Beverages,Offline,Low,7/9/2023 0:00,93,12.26,156.68,-13431.06,South,Beverages,93,12.26,1140.18,,,,,,,,,,,
ORD0191,East,Germany,Furniture,Online,High,7/10/2023 0:00,31,295.6,67.15,7081.95,East,Furniture,31,295.6,9163.6,,,,,,,,,,,
ORD0192,East,Australia,Beverages,Online,Low,7/11/2023 0:00,468,88.38,110.97,-10572.12,East,Beverages,468,88.38,41361.84,,,,,,,,,,,
ORD0193,North,Germany,Furniture,Online,Medium,7/12/2023 0:00,36,323.08,371.47,-1742.04,North,Furniture,36,323.08,11630.88,,,,,,,,,,,
ORD0194,East,USA,Clothing,Offline,Low,7/13/2023 0:00,204,380.88,271.04,22407.36,East,Clothing,204,380.88,77699.52,,,,,,,,,,,
ORD0195,East,USA,Clothing,Online,Low,7/14/2023 0:00,346,252.72,199.43,18438.34,East,Clothing,346,252.72,87441.12,,,,,,,,,,,
ORD0196,South,Australia,Beverages,Offline,High,7/15/2023 0:00,391,273.47,7.06,104166.31,South,Beverages,391,273.47,106926.77,,,,,,,,,,,
ORD0197,South,Germany,Beverages,Online,Medium,7/16/2023 0:00,245,475.98,396.98,19355,South,Beverages,245,475.98,116615.1,,,,,,,,,,,
ORD0198,West,India,Furniture,Offline,Low,7/17/2023 0:00,449,424.35,269.24,69644.39,West,Furniture,449,424.35,190533.15,,,,,,,,,,,
ORD0199,North,Australia,Food,Offline,Medium,7/18/2023 0:00,101,457.55,128.14,33270.41,North,Food,101,457.55,46212.55,,,,,,,,,,,
ORD0200,East,USA,Furniture,Online,Low,7/19/2023 0:00,255.9029412,407.81,351.95,14294.73829,East,Furniture,255.9029412,407.81,104359.7784,,,,,,,,,,,
ORD0201,East,USA,Beverages,Offline,Low,7/20/2023 0:00,30,58.91,104.86,-1378.5,East,Beverages,30,58.91,1767.3,,,,,,,,,,,
ORD0202,West,Australia,Beverages,Online,Medium,7/21/2023 0:00,312,78.75,218.52,-43608.24,West,Beverages,312,78.75,24570,,,,,,,,,,,
ORD0203,East,Germany,Electronics,Offline,Low,7/22/2023 0:00,473,265.68,255.16,4975.96,East,Electronics,473,265.68,125666.64,,,,,,,,,,,
ORD0204,North,USA,Beverages,Online,Medium,7/23/2023 0:00,366,126.8,89.98,13476.12,North,Beverages,366,126.8,46408.8,,,,,,,,,,,
ORD0205,West,Germany,Electronics,Online,Low,7/24/2023 0:00,452,240.96,391.4,-67998.88,West,Electronics,452,240.96,108913.92,,,,,,,,,,,
ORD0206,North,USA,Food,Offline,High,7/25/2023 0:00,93,200.21,299.78,-9260.01,North,Food,93,200.21,18619.53,,,,,,,,,,,
ORD0207,West,USA,Furniture,Online,Medium,7/26/2023 0:00,271,276.96,224.01,14349.45,West,Furniture,271,276.96,75056.16,,,,,,,,,,,
ORD0208,West,UK,Furniture,Online,Low,7/27/2023 0:00,156,374.7,73.88,46927.92,West,Furniture,156,374.7,58453.2,,,,,,,,,,,
ORD0209,South,USA,Electronics,Offline,Low,7/28/2023 0:00,450,359.17,23.44,151078.5,South,Electronics,450,359.17,161626.5,,,,,,,,,,,
ORD0210,North,India,Furniture,Online,High,7/29/2023 0:00,462,263.01,129.38,61737.06,North,Furniture,462,263.01,121510.62,,,,,,,,,,,
ORD0211,East,Australia,Unknown,Online,Medium,7/30/2023 0:00,396,412.08,301.77,43682.76,East,Unknown,396,412.08,163183.68,,,,,,,,,,,
ORD0212,East,Australia,Clothing,Offline,Low,7/31/2023 0:00,266,218.28,109.19,29017.94,East,Clothing,266,218.28,58062.48,,,,,,,,,,,
ORD0213,North,Germany,Electronics,Offline,High,8/1/2023 0:00,67,448.87,216.74,15552.71,North,Electronics,67,448.87,30074.29,,,,,,,,,,,
ORD0214,East,USA,Furniture,Online,Low,8/2/2023 0:00,389,40.28,291.72,-97810.16,East,Furniture,389,40.28,15668.92,,,,,,,,,,,
ORD0215,East,India,Electronics,Online,Medium,8/3/2023 0:00,431,477.56,44.96,186450.6,East,Electronics,431,477.56,205828.36,,,,,,,,,,,
ORD0216,North,Germany,Electronics,Offline,Low,8/4/2023 0:00,24,329.07,274.75,1303.68,North,Electronics,24,329.07,7897.68,,,,,,,,,,,
ORD0217,West,UK,Clothing,Offline,Low,8/5/2023 0:00,171,193.14,38.56,26433.18,West,Clothing,171,193.14,33026.94,,,,,,,,,,,
ORD0218,North,Germany,Beverages,Online,Low,8/6/2023 0:00,454,102.59,386.12,-128722.62,North,Beverages,454,102.59,46575.86,,,,,,,,,,,
ORD0219,West,Germany,Electronics,Offline,Low,8/7/2023 0:00,172,242.2,196.38,7881.04,West,Electronics,172,242.2,41658.4,,,,,,,,,,,
ORD0220,East,USA,Furniture,Online,High,8/8/2023 0:00,329,101.31,61.97,12942.86,East,Furniture,329,101.31,33330.99,,,,,,,,,,,
ORD0221,East,UK,Food,Online,High,8/9/2023 0:00,290,87.33,138.27,-14772.6,East,Food,290,87.33,25325.7,,,,,,,,,,,
ORD0222,Unknown,Germany,Electronics,Online,Medium,8/10/2023 0:00,289,310.59,166.54,41630.45,Unknown,Electronics,289,310.59,89760.51,,,,,,,,,,,
ORD0223,South,India,Electronics,Online,High,8/11/2023 0:00,21,263.93,303.76,-836.43,South,Electronics,21,263.93,5542.53,,,,,,,,,,,
ORD0224,West,India,Clothing,Online,High,8/12/2023 0:00,283,336.7,297.88,10986.06,West,Clothing,283,336.7,95286.1,,,,,,,,,,,
ORD0225,South,Australia,Beverages,Offline,Medium,8/13/2023 0:00,280,465.15,245.55,61488,South,Beverages,280,465.15,130242,,,,,,,,,,,
ORD0226,South,UK,Food,Offline,High,8/14/2023 0:00,217,268.47,44.16,48675.27,South,Food,217,268.47,58257.99,,,,,,,,,,,
ORD0227,North,UK,Furniture,Offline,High,8/15/2023 0:00,36,292.56,62.32,8288.64,North,Furniture,36,292.56,10532.16,,,,,,,,,,,
ORD0228,South,Australia,Food,Offline,Medium,8/16/2023 0:00,255.9029412,49.37,39.32,2571.824559,South,Food,255.9029412,49.37,12633.92821,,,,,,,,,,,
ORD0229,North,Germany,Furniture,Online,Medium,8/17/2023 0:00,69,360.23,231.71,8867.88,North,Furniture,69,360.23,24855.87,,,,,,,,,,,
ORD0230,North,UK,Beverages,Online,Medium,8/18/2023 0:00,439,202.95,351.1,-65037.85,North,Beverages,439,202.95,89095.05,,,,,,,,,,,
ORD0231,South,India,Furniture,Online,Low,8/19/2023 0:00,482,488.48,174.65,151266.06,South,Furniture,482,488.48,235447.36,,,,,,,,,,,
ORD0232,West,India,Clothing,Online,Low,8/20/2023 0:00,154,412.47,66.02,53353.3,West,Clothing,154,412.47,63520.38,,,,,,,,,,,
ORD0233,West,USA,Clothing,Offline,Medium,8/21/2023 0:00,102,263.63,224.1,4032.06,West,Clothing,102,263.63,26890.26,,,,,,,,,,,
ORD0234,West,UK,Clothing,Online,Medium,8/22/2023 0:00,318,66,325.08,-82387.44,West,Clothing,318,66,20988,,,,,,,,,,,
ORD0235,West,Germany,Clothing,Online,Medium,8/23/2023 0:00,17,430.41,297.2,2264.57,West,Clothing,17,430.41,7316.97,,,,,,,,,,,
ORD0236,West,Australia,Food,Offline,Low,8/24/2023 0:00,88,400.89,352.82,4230.16,West,Food,88,400.89,35278.32,,,,,,,,,,,
ORD0237,South,Australia,Beverages,Offline,Low,8/25/2023 0:00,36,96.37,112.61,-584.64,South,Beverages,36,96.37,3469.32,,,,,,,,,,,
ORD0238,South,Germany,Furniture,Offline,High,8/26/2023 0:00,183,151.16,79.19,13170.51,South,Furniture,183,151.16,27662.28,,,,,,,,,,,
ORD0239,East,USA,Furniture,Offline,High,8/27/2023 0:00,59,397.74,352.17,2688.63,East,Furniture,59,397.74,23466.66,,,,,,,,,,,
ORD0240,West,Australia,Clothing,Online,Medium,8/28/2023 0:00,208,96.69,263.71,-34740.16,West,Clothing,208,96.69,20111.52,,,,,,,,,,,
ORD0241,South,UK,Clothing,Online,Low,8/29/2023 0:00,396,459.29,125.75,132081.84,South,Clothing,396,459.29,181878.84,,,,,,,,,,,
ORD0242,East,USA,Electronics,Offline,Low,8/30/2023 0:00,358,215.14,297.45,-29466.98,East,Electronics,358,215.14,77020.12,,,,,,,,,,,
ORD0243,West,UK,Beverages,Online,Low,8/31/2023 0:00,457,48.08,326.42,-127201.38,West,Beverages,457,48.08,21972.56,,,,,,,,,,,
ORD0244,North,India,Food,Online,Medium,9/1/2023 0:00,437,408.8,246.76,70811.48,North,Food,437,408.8,178645.6,,,,,,,,,,,
ORD0245,East,USA,Furniture,Online,High,9/2/2023 0:00,190,189.89,275.78,-16319.1,East,Furniture,190,189.89,36079.1,,,,,,,,,,,
ORD0246,South,Australia,Electronics,Offline,Medium,9/3/2023 0:00,33,265.62,151.35,3770.91,South,Electronics,33,265.62,8765.46,,,,,,,,,,,
ORD0247,North,USA,Electronics,Online,High,9/4/2023 0:00,325,60.59,216.4,-50638.25,North,Electronics,325,60.59,19691.75,,,,,,,,,,,
ORD0248,North,USA,Furniture,Offline,High,9/5/2023 0:00,387,6.28,210.62,-79079.58,North,Furniture,387,6.28,2430.36,,,,,,,,,,,
ORD0249,North,USA,Food,Online,Medium,9/6/2023 0:00,396,320.8,339.52,-7413.12,North,Food,396,320.8,127036.8,,,,,,,,,,,
ORD0250,East,USA,Electronics,Online,High,9/7/2023 0:00,413,260.01,336.31,-31511.9,East,Electronics,413,260.01,107384.13,,,,,,,,,,,
ORD0251,South,UK,Electronics,Online,High,9/8/2023 0:00,255.9029412,298.8,333.41,-8856.800794,South,Electronics,255.9029412,298.8,76463.79882,,,,,,,,,,,
ORD0252,North,India,Beverages,Offline,Low,9/9/2023 0:00,24,397.9,6.39,9396.24,North,Beverages,24,397.9,9549.6,,,,,,,,,,,
ORD0253,West,Germany,Unknown,Online,High,9/10/2023 0:00,162,325.07,300.32,4009.5,West,Unknown,162,325.07,52661.34,,,,,,,,,,,
ORD0254,North,USA,Electronics,Offline,Medium,9/11/2023 0:00,231,91.51,303.95,-49073.64,North,Electronics,231,91.51,21138.81,,,,,,,,,,,
ORD0255,North,Australia,Food,Offline,Medium,9/12/2023 0:00,215,183.58,271.99,-19008.15,North,Food,215,183.58,39469.7,,,,,,,,,,,
ORD0256,East,USA,Furniture,Offline,High,9/13/2023 0:00,464,453.42,302.99,69799.52,East,Furniture,464,453.42,210386.88,,,,,,,,,,,
ORD0257,East,Australia,Clothing,Online,Low,9/14/2023 0:00,282,249.6452059,337.1,-24662.25194,East,Clothing,282,249.6452059,70399.94806,,,,,,,,,,,
ORD0258,South,UK,Electronics,Online,Low,9/15/2023 0:00,391,280.54,189.19,35717.85,South,Electronics,391,280.54,109691.14,,,,,,,,,,,
ORD0259,West,Australia,Beverages,Online,High,9/16/2023 0:00,245,131.54,201.82,-17218.6,West,Beverages,245,131.54,32227.3,,,,,,,,,,,
ORD0260,East,Germany,Furniture,Online,High,9/17/2023 0:00,349,154.52,51.64,35905.12,East,Furniture,349,154.52,53927.48,,,,,,,,,,,
ORD0261,North,India,Food,Offline,Medium,9/18/2023 0:00,237,249.6452059,155.38,22340.85379,North,Food,237,249.6452059,59165.91379,,,,,,,,,,,
ORD0262,South,Australia,Furniture,Offline,High,9/19/2023 0:00,18,426.33,258.06,3028.86,South,Furniture,18,426.33,7673.94,,,,,,,,,,,
ORD0263,North,Australia,Electronics,Offline,Low,9/20/2023 0:00,175,337.36,312.6,4333,North,Electronics,175,337.36,59038,,,,,,,,,,,
ORD0264,North,India,Unknown,Online,High,9/21/2023 0:00,441,405.72,88.45,139916.07,North,Unknown,441,405.72,178922.52,,,,,,,,,,,
ORD0265,East,Germany,Clothing,Offline,Medium,9/22/2023 0:00,453,384.49,56.85,148420.92,East,Clothing,453,384.49,174173.97,,,,,,,,,,,
ORD0266,South,USA,Furniture,Online,Medium,9/23/2023 0:00,328,79.1,265.89,-61267.12,South,Furniture,328,79.1,25944.8,,,,,,,,,,,
ORD0267,West,Australia,Electronics,Offline,Medium,9/24/2023 0:00,223,214.85,2.75,47298.3,West,Electronics,223,214.85,47911.55,,,,,,,,,,,
ORD0268,West,India,Beverages,Online,Medium,9/25/2023 0:00,126,80.73,72.99,975.24,West,Beverages,126,80.73,10171.98,,,,,,,,,,,
ORD0269,East,UK,Food,Online,Medium,9/26/2023 0:00,395,121.44,13.57,42608.65,East,Food,395,121.44,47968.8,,,,,,,,,,,
ORD0270,East,India,Furniture,Offline,High,9/27/2023 0:00,353,435.28,68.42,129501.58,East,Furniture,353,435.28,153653.84,,,,,,,,,,,
ORD0271,South,UK,Furniture,Offline,High,9/28/2023 0:00,81,239.08,74.17,13357.71,South,Furniture,81,239.08,19365.48,,,,,,,,,,,
ORD0272,West,Germany,Clothing,Offline,High,9/29/2023 0:00,404,270,156.29,45938.84,West,Clothing,404,270,109080,,,,,,,,,,,
ORD0273,West,USA,Clothing,Offline,High,9/30/2023 0:00,73,93.33,162.13,-5022.4,West,Clothing,73,93.33,6813.09,,,,,,,,,,,
ORD0274,West,India,Beverages,Online,Medium,10/1/2023 0:00,214,159.57,349.96,-40743.46,West,Beverages,214,159.57,34147.98,,,,,,,,,,,
ORD0275,North,Australia,Beverages,Offline,Low,10/2/2023 0:00,218,118.97,205.02,-18758.9,North,Beverages,218,118.97,25935.46,,,,,,,,,,,
ORD0276,West,Germany,Electronics,Offline,High,10/3/2023 0:00,81,107.06,289.92,-14811.66,West,Electronics,81,107.06,8671.86,,,,,,,,,,,
ORD0277,North,India,Electronics,Offline,Low,10/4/2023 0:00,286,320.79,43.45,79319.24,North,Electronics,286,320.79,91745.94,,,,,,,,,,,
ORD0278,South,Australia,Beverages,Online,High,10/5/2023 0:00,283,132.16,91.72,11444.52,South,Beverages,283,132.16,37401.28,,,,,,,,,,,
ORD0279,North,India,Beverages,Online,High,10/6/2023 0:00,487,317.85,281.77,17570.96,North,Beverages,487,317.85,154792.95,,,,,,,,,,,
ORD0280,South,UK,Food,Offline,Low,10/7/2023 0:00,329,33.94,23.02,3592.68,South,Food,329,33.94,11166.26,,,,,,,,,,,
ORD0281,West,India,Clothing,Online,Medium,10/8/2023 0:00,347,75.18,195.67,-41810.03,West,Clothing,347,75.18,26087.46,,,,,,,,,,,
ORD0282,West,India,Electronics,Offline,High,10/9/2023 0:00,375,140.9,240.55,-37368.75,West,Electronics,375,140.9,52837.5,,,,,,,,,,,
ORD0283,South,India,Clothing,Online,High,10/10/2023 0:00,104,300.54,241.65,6124.56,South,Clothing,104,300.54,31256.16,,,,,,,,,,,
ORD0284,East,Germany,Unknown,Online,High,10/11/2023 0:00,175,339.54,11.13,57471.75,East,Unknown,175,339.54,59419.5,,,,,,,,,,,
ORD0285,South,India,Beverages,Online,Low,10/12/2023 0:00,41,224.14,130.2,3851.54,South,Beverages,41,224.14,9189.74,,,,,,,,,,,
ORD0286,East,Australia,Food,Online,Medium,10/13/2023 0:00,20,225.67,255.32,-593,East,Food,20,225.67,4513.4,,,,,,,,,,,
ORD0287,North,UK,Furniture,Offline,Low,10/14/2023 0:00,310,363.64,61.3,93725.4,North,Furniture,310,363.64,112728.4,,,,,,,,,,,
ORD0288,North,UK,Food,Offline,Low,10/15/2023 0:00,226,249.6452059,278.78,-6584.463471,North,Food,226,249.6452059,56419.81653,,,,,,,,,,,
ORD0289,North,India,Food,Offline,Medium,10/16/2023 0:00,255.9029412,173.84,298.88,-31998.10376,North,Food,255.9029412,173.84,44486.16729,,,,,,,,,,,
ORD0290,West,Germany,Clothing,Online,Low,10/17/2023 0:00,111,410.26,392.82,1935.84,West,Clothing,111,410.26,45538.86,,,,,,,,,,,
ORD0291,North,Germany,Food,Offline,Medium,10/18/2023 0:00,434,303.59,85.52,94642.38,North,Food,434,303.59,131758.06,,,,,,,,,,,
ORD0292,East,Australia,Electronics,Offline,High,10/19/2023 0:00,401,171.93,330.4,-63546.47,East,Electronics,401,171.93,68943.93,,,,,,,,,,,
ORD0293,North,India,Clothing,Offline,Medium,10/20/2023 0:00,276,453.23,209.08,67385.4,North,Clothing,276,453.23,125091.48,,,,,,,,,,,
ORD0294,South,UK,Electronics,Online,High,10/21/2023 0:00,255.9029412,387.45,150.64,60600.3755,South,Electronics,255.9029412,387.45,99149.59456,,,,,,,,,,,
ORD0295,South,Germany,Furniture,Online,Low,10/22/2023 0:00,188,136.12,50.71,16057.08,South,Furniture,188,136.12,25590.56,,,,,,,,,,,
ORD0296,West,India,Clothing,Online,Low,10/23/2023 0:00,97,324.42,294.73,2879.93,West,Clothing,97,324.42,31468.74,,,,,,,,,,,
ORD0297,South,Germany,Furniture,Offline,High,10/24/2023 0:00,50,299.9,95.87,10201.5,South,Furniture,50,299.9,14995,,,,,,,,,,,
ORD0298,East,Germany,Clothing,Offline,Low,10/25/2023 0:00,410,203.59,149.83,22041.6,East,Clothing,410,203.59,83471.9,,,,,,,,,,,
ORD0299,North,UK,Beverages,Offline,Medium,10/26/2023 0:00,85,186.64,26.89,13578.75,North,Beverages,85,186.64,15864.4,,,,,,,,,,,
ORD0300,West,USA,Food,Online,High,10/27/2023 0:00,386,175.06,320.94,-56309.68,West,Food,386,175.06,67573.16,,,,,,,,,,,
ORD0301,North,Australia,Beverages,Online,Low,10/28/2023 0:00,55,310.49,307.1,186.45,North,Beverages,55,310.49,17076.95,,,,,,,,,,,
ORD0302,North,Australia,Furniture,Offline,High,10/29/2023 0:00,169,223.99,293.98,-11828.31,North,Furniture,169,223.99,37854.31,,,,,,,,,,,
ORD0303,East,UK,Food,Online,Medium,10/30/2023 0:00,472,416.77,121.18,139518.48,East,Food,472,416.77,196715.44,,,,,,,,,,,
ORD0304,South,Germany,Clothing,Online,Medium,10/31/2023 0:00,89,336.45,71.05,23620.6,South,Clothing,89,336.45,29944.05,,,,,,,,,,,
ORD0305,South,India,Food,Online,Low,11/1/2023 0:00,319,39.62,255.75,-68945.47,South,Food,319,39.62,12638.78,,,,,,,,,,,
ORD0306,North,Germany,Unknown,Online,Medium,11/2/2023 0:00,95,321.88,199.47,11628.95,North,Unknown,95,321.88,30578.6,,,,,,,,,,,
ORD0307,West,UK,Unknown,Offline,High,11/3/2023 0:00,101,139.22,72.94,6694.28,West,Unknown,101,139.22,14061.22,,,,,,,,,,,
ORD0308,South,Australia,Unknown,Online,Medium,11/4/2023 0:00,157,249.6452059,274.99,-3979.132676,South,Unknown,157,249.6452059,39194.29732,,,,,,,,,,,
ORD0309,West,Germany,Food,Online,High,11/5/2023 0:00,170,341.67,396.47,-9316,West,Food,170,341.67,58083.9,,,,,,,,,,,
ORD0310,South,Australia,Electronics,Online,High,11/6/2023 0:00,211,119.26,299.39,-38007.43,South,Electronics,211,119.26,25163.86,,,,,,,,,,,
ORD0311,West,India,Furniture,Online,Medium,11/7/2023 0:00,433,231.15,296.51,-28300.88,West,Furniture,433,231.15,100087.95,,,,,,,,,,,
ORD0312,East,Australia,Beverages,Offline,Low,11/8/2023 0:00,425,99.21,380.22,-119429.25,East,Beverages,425,99.21,42164.25,,,,,,,,,,,
ORD0313,West,Australia,Clothing,Offline,Medium,11/9/2023 0:00,251,30.91,82.77,-13016.86,West,Clothing,251,30.91,7758.41,,,,,,,,,,,
ORD0314,East,USA,Food,Online,High,11/10/2023 0:00,255.9029412,192.35,227.09,-8890.068176,East,Food,255.9029412,192.35,49222.93074,,,,,,,,,,,
ORD0315,East,USA,Beverages,Online,High,11/11/2023 0:00,11,184.66,391.9,-2279.64,East,Beverages,11,184.66,2031.26,,,,,,,,,,,
ORD0316,West,USA,Clothing,Online,Medium,11/12/2023 0:00,234,497.76,67.79,100612.98,West,Clothing,234,497.76,116475.84,,,,,,,,,,,
ORD0317,East,Australia,Clothing,Online,Low,11/13/2023 0:00,255.9029412,225.94,280.7,-14013.24506,East,Clothing,255.9029412,225.94,57818.71053,,,,,,,,,,,
ORD0318,North,UK,Electronics,Online,Low,11/14/2023 0:00,242,170.12,235.15,-15737.26,North,Electronics,242,170.12,41169.04,,,,,,,,,,,
ORD0319,East,Australia,Furniture,Online,High,11/15/2023 0:00,470,292.34,235.42,26752.4,East,Furniture,470,292.34,137399.8,,,,,,,,,,,
ORD0320,South,UK,Furniture,Offline,High,11/16/2023 0:00,423,48.94,279.67,-97598.79,South,Furniture,423,48.94,20701.62,,,,,,,,,,,
ORD0321,West,UK,Beverages,Online,Low,11/17/2023 0:00,426,481.02,371.99,46446.78,West,Beverages,426,481.02,204914.52,,,,,,,,,,,
ORD0322,North,USA,Furniture,Offline,Medium,11/18/2023 0:00,86,319.31,313.47,502.24,North,Furniture,86,319.31,27460.66,,,,,,,,,,,
ORD0323,West,Germany,Food,Offline,High,11/19/2023 0:00,125,378.64,24.34,44287.5,West,Food,125,378.64,47330,,,,,,,,,,,
ORD0324,South,India,Unknown,Online,High,11/20/2023 0:00,163,89.39,341.39,-41076,South,Unknown,163,89.39,14570.57,,,,,,,,,,,
ORD0325,South,USA,Beverages,Offline,Low,11/21/2023 0:00,415,207.69,91.77,48106.8,South,Beverages,415,207.69,86191.35,,,,,,,,,,,
ORD0326,South,USA,Furniture,Offline,Medium,11/22/2023 0:00,112,214.23,152.01,6968.64,South,Furniture,112,214.23,23993.76,,,,,,,,,,,
ORD0327,East,Germany,Food,Offline,Low,11/23/2023 0:00,203,411.79,185.77,45882.06,East,Food,203,411.79,83593.37,,,,,,,,,,,
ORD0328,East,India,Electronics,Offline,Medium,11/24/2023 0:00,255.9029412,5.61,193.4,-48056.01332,East,Electronics,255.9029412,5.61,1435.6155,,,,,,,,,,,
ORD0329,West,Australia,Beverages,Offline,Medium,11/25/2023 0:00,368,153.92,175.2,-7831.04,West,Beverages,368,153.92,56642.56,,,,,,,,,,,
ORD0330,West,Australia,Electronics,Offline,Medium,11/26/2023 0:00,99,490.71,375.07,11448.36,West,Electronics,99,490.71,48580.29,,,,,,,,,,,
ORD0331,North,USA,Electronics,Online,High,11/27/2023 0:00,183,240.07,283,-7856.19,North,Electronics,183,240.07,43932.81,,,,,,,,,,,
ORD0332,Unknown,India,Electronics,Offline,Low,11/28/2023 0:00,131,194.35,253.21,-7710.66,Unknown,Electronics,131,194.35,25459.85,,,,,,,,,,,
ORD0333,West,USA,Clothing,Offline,Low,11/29/2023 0:00,152,64.32,21.84,6456.96,West,Clothing,152,64.32,9776.64,,,,,,,,,,,
ORD0334,East,UK,Clothing,Offline,Medium,11/30/2023 0:00,491,487.21,361.76,61595.95,East,Clothing,491,487.21,239220.11,,,,,,,,,,,
ORD0335,South,USA,Electronics,Online,High,12/1/2023 0:00,115,14.91,363.94,-40138.45,South,Electronics,115,14.91,1714.65,,,,,,,,,,,
ORD0336,West,USA,Beverages,Offline,High,12/2/2023 0:00,384,369.9,312.52,22033.92,West,Beverages,384,369.9,142041.6,,,,,,,,,,,
ORD0337,North,Australia,Food,Online,Low,12/3/2023 0:00,437,385.46,4.8,166348.42,North,Food,437,385.46,168446.02,,,,,,,,,,,
ORD0338,East,Australia,Food,Offline,High,12/4/2023 0:00,314,125.61,24.8,31654.34,East,Food,314,125.61,39441.54,,,,,,,,,,,
ORD0339,West,Australia,Furniture,Online,High,12/5/2023 0:00,369,337.42,91.64,90692.82,West,Furniture,369,337.42,124507.98,,,,,,,,,,,
ORD0340,West,UK,Beverages,Online,Medium,12/6/2023 0:00,468,51,54.28,-1535.04,West,Beverages,468,51,23868,,,,,,,,,,,
ORD0341,East,Australia,Clothing,Offline,High,12/7/2023 0:00,326,132.24,160.74,-9291,East,Clothing,326,132.24,43110.24,,,,,,,,,,,
ORD0342,West,India,Electronics,Offline,Medium,12/8/2023 0:00,460,395.01,369.2,11872.6,West,Electronics,460,395.01,181704.6,,,,,,,,,,,
ORD0343,East,Germany,Furniture,Online,Low,12/9/2023 0:00,132,433.02,189.88,32094.48,East,Furniture,132,433.02,57158.64,,,,,,,,,,,
ORD0344,South,India,Food,Offline,High,12/10/2023 0:00,399,306.2,7.33,119249.13,South,Food,399,306.2,122173.8,,,,,,,,,,,
ORD0345,East,India,Clothing,Online,Low,12/11/2023 0:00,18,255.89,114.53,2544.48,East,Clothing,18,255.89,4606.02,,,,,,,,,,,
ORD0346,East,Australia,Clothing,Online,Low,12/12/2023 0:00,271,83.86,19.75,17373.81,East,Clothing,271,83.86,22726.06,,,,,,,,,,,
ORD0347,Unknown,Germany,Electronics,Online,High,12/13/2023 0:00,82,36.24,16.44,1623.6,Unknown,Electronics,82,36.24,2971.68,,,,,,,,,,,
ORD0348,West,Germany,Food,Online,High,12/14/2023 0:00,368,63.24,111.74,-17848,West,Food,368,63.24,23272.32,,,,,,,,,,,
ORD0349,West,Germany,Beverages,Online,Low,12/15/2023 0:00,232,117.54,111.69,1357.2,West,Beverages,232,117.54,27269.28,,,,,,,,,,,
ORD0350,East,UK,Clothing,Offline,High,12/16/2023 0:00,425,174.13,315.28,-59988.75,East,Clothing,425,174.13,74005.25,,,,,,,,,,,
0,0,0,0,0,0,0,0,0,0,Missing values (count),,,,,,,,,,,,,,,,
